<?xml version="1.0" encoding="UTF-8"?>
<record xmlns="http://www.loc.gov/MARC21/slim" xmlns:xsi="http://www.w3.org/2001/XMLSchema-instance" xsi:schemaLocation="http://www.loc.gov/MARC21/slim http://www.loc.gov/standards/marcxml/schema/MARC21slim.xsd">
<leader>00000cam a22      a 4500</leader>
<controlfield tag="001">001685700</controlfield>
<controlfield tag="003">NNU</controlfield>
<controlfield tag="005">20160229174453.0</controlfield>
<controlfield tag="008">930615s1909    ua            000 0 arard</controlfield>
<datafield tag="035" ind1=" " ind2=" ">
<subfield code="a">(OCoLC)54306955</subfield>
</datafield>
<datafield tag="040" ind1=" " ind2=" ">
<subfield code="a">YUS</subfield>
<subfield code="b">eng</subfield>
<subfield code="c">YUS</subfield>
<subfield code="d">OCLCQ</subfield>
<subfield code="d">OCLCG</subfield>
<subfield code="d">OCLCA</subfield>
<subfield code="d">OCLCQ</subfield>
<subfield code="d">OCLCO</subfield>
<subfield code="d">N15</subfield>
<subfield code="d">OCLCF</subfield>
<subfield code="d">OCLCO</subfield>
</datafield>
<datafield tag="050" ind1=" " ind2="4">
<subfield code="a">PJ7642</subfield>
<subfield code="b">.A1 1909</subfield>
</datafield>
<datafield tag="100" ind1="1" ind2=" ">
<subfield code="6">880-01</subfield>
<subfield code="a">Zawzanī, Ḥusayn ibn Aḥmad,</subfield>
<subfield code="d">-1093 or 1094.</subfield>
</datafield>
<datafield tag="240" ind1="1" ind2="0">
<subfield code="6">880-02</subfield>
<subfield code="a">Sharḥ al-Muʻallaqāt al-sabʻ</subfield>
</datafield>
<datafield tag="245" ind1="1" ind2="0">
<subfield code="6">880-03</subfield>
<subfield code="a">Kitāb Sharḥ al-Muʻallaqāt al-sabʻ /</subfield>
<subfield code="c">li-Abī ʻAbd Allāh al-Ḥusayn ibn Aḥmad ibn al-Ḥusayn al-Zawzanī.</subfield>
</datafield>
<datafield tag="260" ind1=" " ind2=" ">
<subfield code="6">880-04</subfield>
<subfield code="a">Miṣr :</subfield>
<subfield code="b">Maṭbaʻat Dār al-Kutub al-ʻArabīyah al-Kubrá,</subfield>
<subfield code="c">1327 [1909]</subfield>
</datafield>
<datafield tag="300" ind1=" " ind2=" ">
<subfield code="a">204 pages ;</subfield>
<subfield code="c">21 cm</subfield>
</datafield>
<datafield tag="336" ind1=" " ind2=" ">
<subfield code="a">text</subfield>
<subfield code="b">txt</subfield>
<subfield code="2">rdacontent</subfield>
</datafield>
<datafield tag="337" ind1=" " ind2=" ">
<subfield code="a">unmediated</subfield>
<subfield code="b">n</subfield>
<subfield code="2">rdamedia</subfield>
</datafield>
<datafield tag="338" ind1=" " ind2=" ">
<subfield code="a">volume</subfield>
<subfield code="b">nc</subfield>
<subfield code="2">rdacarrier</subfield>
</datafield>
<datafield tag="630" ind1="0" ind2="0">
<subfield code="6">880-05</subfield>
<subfield code="a">Muʻallaqāt.</subfield>
</datafield>
<datafield tag="650" ind1=" " ind2="0">
<subfield code="a">Arabic poetry</subfield>
<subfield code="y">To 622</subfield>
<subfield code="x">History and criticism.</subfield>
</datafield>
<datafield tag="630" ind1="0" ind2="7">
<subfield code="a">Muʻallaqāt.</subfield>
<subfield code="2">fast</subfield>
<subfield code="0">(OCoLC)fst01356614</subfield>
</datafield>
<datafield tag="650" ind1=" " ind2="7">
<subfield code="a">Arabic poetry.</subfield>
<subfield code="2">fast</subfield>
<subfield code="0">(OCoLC)fst00812533</subfield>
</datafield>
<datafield tag="648" ind1=" " ind2="7">
<subfield code="a">To 622.</subfield>
<subfield code="2">fast</subfield>
</datafield>
<datafield tag="655" ind1=" " ind2="7">
<subfield code="a">Criticism, interpretation, etc.</subfield>
<subfield code="2">fast</subfield>
<subfield code="0">(OCoLC)fst01411635</subfield>
</datafield>
<datafield tag="730" ind1="0" ind2="2">
<subfield code="6">880-06</subfield>
<subfield code="a">Muʻallaqāt.</subfield>
</datafield>
<datafield tag="880" ind1="1" ind2=" ">
<subfield code="6">100-01/</subfield>
<subfield code="a">زوزني، حسين بن أحمد،</subfield>
<subfield code="d">-1093 or 1094.</subfield>
</datafield>
<datafield tag="880" ind1="1" ind2="0">
<subfield code="6">240-02/</subfield>
<subfield code="a">شرح المعلقات السبع</subfield>
</datafield>
<datafield tag="880" ind1="1" ind2="0">
<subfield code="6">245-03/</subfield>
<subfield code="a">كتاب شرح المعلقات السبع /</subfield>
<subfield code="c">لأبى عبد الله بن الحسين الزوزني.</subfield>
</datafield>
<datafield tag="880" ind1=" " ind2=" ">
<subfield code="6">260-04/</subfield>
<subfield code="a">مصر :</subfield>
<subfield code="b">مطبعة دار الكتب العلمية الكبرى،</subfield>
<subfield code="c">1327 [1909]</subfield>
</datafield>
<datafield tag="880" ind1="0" ind2="0">
<subfield code="6">630-05/</subfield>
<subfield code="a">معلقات.</subfield>
</datafield>
<datafield tag="880" ind1="0" ind2="2">
<subfield code="6">730-06/</subfield>
<subfield code="a">معلقات.</subfield>
</datafield>
<datafield tag="OWN" ind1=" " ind2=" ">
<subfield code="a">GENERAL</subfield>
</datafield>
<datafield tag="AVA" ind1=" " ind2=" ">
<subfield code="a">NYU50</subfield>
<subfield code="b">BOBST</subfield>
<subfield code="c">Main Collection</subfield>
<subfield code="d">PJ7642 .A1 1910</subfield>
<subfield code="e">unavailable</subfield>
<subfield code="t">Unavailable</subfield>
<subfield code="f">1</subfield>
<subfield code="g">1</subfield>
<subfield code="h">N</subfield>
<subfield code="i">0</subfield>
<subfield code="j">MAIN</subfield>
<subfield code="k">0</subfield>
</datafield>
</record>
